@misc{howtocite,
  title        = {{How To Cite a Research Paper: Citation Styles Guide}},
  author       = {Imed Bouchrika},
  editor       = {Research.com},
  date         = {2021-05-01},
  howpublished = {\url{https://research.com/research/how-to-cite-a-research-paper}},
  note         = {[Accessed: Apr. 07, 2022]},
  organization = {Research.com},
  type         = {techreport},
  url          = {\url{https://research.com/research/how-to-cite-a-research-paper}},
  urldate      = {2021-05-01},
}

@book{学術論文の書き方・発表の仕方,
  title     = {学術論文の書き方・発表の仕方},
  author    = {西巻 正郎 and others},
  editor    = {電子情報通信学会},
  year      = {1976},
  publisher = {コロナ社},
}

@book{木下是雄2001理科系の作文技術,
  title     = {理科系の作文技術},
  author    = {木下 是雄},
  year      = {2001},
  publisher = {中央公論新社},
}
